@article{Buhmann:1998:DCQ,
	AUTHOR = {J. M. Buhmann and D. W. Fellner and M. Held and J.
		Ketterer and J. Puzicha},
	TITLE = {Dithered Color Quantization},
	JOURNAL = cgforum,
	EDITOR = {N. Ferreira and M. G{\"{o}}bel},
	VOLUME = {17},	NUMBER = {3},
	MONTH = Sep,	YEAR = {1998},	PAGES = {C219-C231},
	DOI = {10.1111/1467-8659.00269},
  NOTE = {(Proc. Eurographics'98)
	       \httpAddr{//diglib.eg.org/EG/CGF/volume17/issue3/ColQuant98}} }

@ARTICLE{Fellner-Helmberg93,
	AUTHOR = {Fellner, Dieter W. and Helmberg, Christoph},
	TITLE = {Robust Rendering of General Ellipses and Elliptical Arcs},
	JOURNAL = tog,
	VOLUME = {12},	NUMBER = {3},
	MONTH = Jul,	YEAR = {1993},	PAGES = {251-276},
  DOI= {10.1145/169711.169704}
  }

@BOOK (FolDamFeiHug.etal93,
	AUTHOR = {Foley, James D. and van Dam, Andries and
		Feiner, Stephen K. and Hughes, John F. and Phillips, R.},
	TITLE = {Introduction to Computer Graphics},
	PUBLISHER = {Addison-Wesley},
	YEAR = {1993} )

@ARTICLE{Kobbelt97-USHDR,
	author = {L. Kobbelt and M. Stamminger and H.-P. Seidel},
	title = {Using Subdivision on Hierarchical Data to Reconstruct Radiosity
		Distribution},
	JOURNAL = cgforum,
	volume = 16,	number = 3,	pages = {C347-C355},
	year = 1997,
	DOI = {10.1111/1467-8659.16.3conferenceissue.36},
	note = {(Proc. Eurographics'97)
	       \httpAddr{//diglib.eg.org/EG/CGF/volume16/issue3/CGF172.html}} }

@INPROCEEDINGS{Lafortune97-NARF,
	author = {Eric P. Lafortune and Sing-Choong Foo and Kenneth E. Torrance and
		Donald P. Greenberg},
	title = {Non-Linear Approximation of Reflectance Functions},
	booktitle = {Proc. SIGGRAPH '97},
	volume = 31,	pages = {117-126},
	year = 1997,
	DOI = {10.1145/258734.258801}
  }

@ARTICLE (Lous90,
	AUTHOR = {Y. Le Lous},
	TITLE = {Report on the {F}irst {E}urographics {W}orkshop on {V}isualization in
		{S}cientific {C}omputing},
	JOURNAL = cgforum,
	VOLUME = {9},	NUMBER = {4},
	MONTH = dec,	YEAR = {1990},	PAGES = {371-372},
  DOI= {10.1111/j.1467-8659.1990.tb00430.x}
  )

@ARTICLE (Seidel93,
	AUTHOR = {Seidel, Hans-Peter},
	TITLE = {Polar Forms for Geometrically Continuous Spline Curves of
		Arbitrary Degree},
	JOURNAL = tog,
	VOLUME = {12},	NUMBER = {1},
	MONTH = Jan,	YEAR = {1993},	PAGES = {1-34},
  DOI= {10.1145/169728.169726}
  )
  
@inproceedings{igarashi1999teddy,
  title={Teddy: a sketching interface for 3D freeform design},
  author={Igarashi, Takeo and Matsuoka, Satoshi and Tanaka, Hidehiko},
  booktitle={Proceedings of the 26th annual conference on Computer graphics and interactive techniques},
  pages={409--416},
  year={1999},
  organization={ACM Press/Addison-Wesley Publishing Co.}
}
@inproceedings{gingold2009structured,
  title={Structured annotations for 2D-to-3D modeling},
  author={Gingold, Yotam and Igarashi, Takeo and Zorin, Denis},
  booktitle={ACM Transactions on Graphics (TOG)},
  volume={28},
  number={5},
  pages={148},
  year={2009},
  organization={ACM}
}
@article{Karpenko:2006:SFS:1141911.1141928,
 author = {Karpenko, Olga A. and Hughes, John F.},
 title = {SmoothSketch: 3D Free-form Shapes from Complex Sketches},
 journal = {ACM Trans. Graph.},
 issue_date = {July 2006},
 volume = {25},
 number = {3},
 month = jul,
 year = {2006},
 issn = {0730-0301},
 pages = {589--598},
 numpages = {10},
 url = {http://doi.acm.org/10.1145/1141911.1141928},
 doi = {10.1145/1141911.1141928},
 acmid = {1141928},
 publisher = {ACM},
 address = {New York, NY, USA},
} 
@article{nealen2007fibermesh,
  title={FiberMesh: designing freeform surfaces with 3D curves},
  author={Nealen, Andrew and Igarashi, Takeo and Sorkine, Olga and Alexa, Marc},
  journal={ACM transactions on graphics (TOG)},
  volume={26},
  number={3},
  pages={41},
  year={2007},
  publisher={ACM}
}
@article{williams1997stochastic,
  title={Stochastic completion fields: A neural model of illusory contour shape and salience},
  author={Williams, Lance R and Jacobs, David W},
  journal={Neural computation},
  volume={9},
  number={4},
  pages={837--858},
  year={1997},
  publisher={MIT Press}
}
@article{chen20133,
  title={3-sweep: Extracting editable objects from a single photo},
  author={Chen, Tao and Zhu, Zhe and Shamir, Ariel and Hu, Shi-Min and Cohen-Or, Daniel},
  journal={ACM Transactions on Graphics (TOG)},
  volume={32},
  number={6},
  pages={195},
  year={2013},
  publisher={ACM}
}
@inproceedings {SBM:SBM07:023-030,
booktitle = {EUROGRAPHICS Workshop on Sketch-Based Interfaces and Modeling},
editor = {Michiel van de Panne and Eric Saund},
title = {{SilSketch: Automated Sketch-Based Editing of Surface Meshes}},
author = {Zimmermann, Johannes and Nealen, Andrew and Alexa, Marc},
year = {2007},
publisher = {The Eurographics Association},
ISSN = {1812-3503},
ISBN = {978-3-905674-00-2},
DOI = {10.2312/SBM/SBM07/023-030}
}
@inproceedings{draper2003gestural,
  title={A Gestural Interface to Free-Form Deformation.},
  author={Draper, Geoffrey and Egbert, Parris K},
  booktitle={graphics interface},
  volume={2003},
  pages={113--120},
  year={2003}
}
@inproceedings{kho2005sketching,
  title={Sketching mesh deformations},
  author={Kho, Youngihn and Garland, Michael},
  booktitle={Proceedings of the 2005 symposium on Interactive 3D graphics and games},
  pages={147--154},
  year={2005},
  organization={ACM}
}
@inproceedings{shtof2013geosemantic,
  title={Geosemantic snapping for sketch-based modeling},
  author={Shtof, Alex and Agathos, Alexander and Gingold, Yotam and Shamir, Ariel and Cohen-Or, Daniel},
  booktitle={Computer graphics forum},
  volume={32},
  number={2pt2},
  pages={245--253},
  year={2013},
  organization={Wiley Online Library}
}
@inproceedings{nealen2007sketch,
  title={A sketch-based interface for detail-preserving mesh editing},
  author={Nealen, Andrew and Sorkine, Olga and Alexa, Marc and Cohen-Or, Daniel},
  booktitle={ACM SIGGRAPH 2007 courses},
  pages={42},
  year={2007},
  organization={ACM}
}
@article{Zimmermann:2008:SIS:1411846.1411916,
 author = {Zimmermann, Johannes and Nealen, Andrew and Alexa, Marc},
 title = {Sketch-based Interfaces: Sketching Contours},
 journal = {Comput. Graph.},
 issue_date = {October, 2008},
 volume = {32},
 number = {5},
 month = oct,
 year = {2008},
 issn = {0097-8493},
 pages = {486--499},
 numpages = {14},
 url = {http://dx.doi.org/10.1016/j.cag.2008.05.006},
 doi = {10.1016/j.cag.2008.05.006},
 acmid = {1411916},
 publisher = {Pergamon Press, Inc.},
 address = {Elmsford, NY, USA},
 keywords = {Deformations, Sketch based modeling, Sketching, User interfaces},
}
@inproceedings{lipman2004differential,
  title={Differential coordinates for interactive mesh editing},
  author={Lipman, Yaron and Sorkine, Olga and Cohen-Or, Daniel and Levin, David and Rossi, Christian and Seidel, Hans-Peter},
  booktitle={Shape Modeling Applications, 2004. Proceedings},
  pages={181--190},
  year={2004},
  organization={IEEE}
}
@article{hoffman1997salience,
  title={Salience of visual parts},
  author={Hoffman, Donald D and Singh, Manish},
  journal={Cognition},
  volume={63},
  number={1},
  pages={29--78},
  year={1997},
  publisher={Elsevier}
}
@article{hoffman1984parts,
  title={Parts of recognition},
  author={Hoffman, Donald D and Richards, Whitman A},
  journal={Cognition},
  volume={18},
  number={1},
  pages={65--96},
  year={1984},
  publisher={Elsevier}
}
@article{zou2015topology,
  title={Topology-constrained surface reconstruction from cross-sections},
  author={Zou, Ming and Holloway, Michelle and Carr, Nathan and Ju, Tao},
  journal={ACM Transactions on Graphics (TOG)},
  volume={34},
  number={4},
  pages={128},
  year={2015},
  publisher={ACM}
}
@article{tangelder2008survey,
  title={A survey of content based 3D shape retrieval methods},
  author={Tangelder, Johan WH and Veltkamp, Remco C},
  journal={Multimedia tools and applications},
  volume={39},
  number={3},
  pages={441},
  year={2008},
  publisher={Springer}
}
@article{bober2001mpeg,
  title={MPEG-7 visual shape descriptors},
  author={Bober, Miroslaw},
  journal={IEEE Transactions on circuits and systems for video technology},
  volume={11},
  number={6},
  pages={716--719},
  year={2001},
  publisher={IEEE}
}
@book{petrou2010image,
  title={Image processing: the fundamentals},
  author={Petrou, Maria and Petrou, Costas},
  year={2010},
  publisher={John Wiley \& Sons}
}
@inproceedings{kazhdan2003rotation,
  title={Rotation invariant spherical harmonic representation of 3 d shape descriptors},
  author={Kazhdan, Michael and Funkhouser, Thomas and Rusinkiewicz, Szymon},
  booktitle={Symposium on geometry processing},
  volume={6},
  pages={156--164},
  year={2003}
}
@article{gal2006salient,
  title={Salient geometric features for partial shape matching and similarity},
  author={Gal, Ran and Cohen-Or, Daniel},
  journal={ACM Transactions on Graphics (TOG)},
  volume={25},
  number={1},
  pages={130--150},
  year={2006},
  publisher={ACM}
}
@article{lowe2004distinctive,
  title={Distinctive image features from scale-invariant keypoints},
  author={Lowe, David G},
  journal={International journal of computer vision},
  volume={60},
  number={2},
  pages={91--110},
  year={2004},
  publisher={Springer}
}
@inproceedings{osada2001matching,
  title={Matching 3D models with shape distributions},
  author={Osada, Robert and Funkhouser, Thomas and Chazelle, Bernard and Dobkin, David},
  booktitle={Shape Modeling and Applications, SMI 2001 International Conference On.},
  pages={154--166},
  year={2001},
  organization={IEEE}
}
@inproceedings{ip2002using,
  title={Using shape distributions to compare solid models},
  author={Ip, Cheuk Yiu and Lapadat, Daniel and Sieger, Leonard and Regli, William C},
  booktitle={Proceedings of the seventh ACM symposium on Solid modeling and applications},
  pages={273--280},
  year={2002},
  organization={ACM}
}
@inproceedings{sundar2003skeleton,
  title={Skeleton based shape matching and retrieval},
  author={Sundar, Hari and Silver, Deborah and Gagvani, Nikhil and Dickinson, Sven},
  booktitle={Shape Modeling International, 2003},
  pages={130--139},
  year={2003},
  organization={IEEE}
}
@inproceedings{biasotti2000surface,
  title={Surface compression and reconstruction using Reeb graphs and shape analysis},
  author={Biasotti, Silvia and Mortara, Michela and Spagnuolo, Michela},
  booktitle={Spring Conference on Computer Graphics},
  pages={174--185},
  year={2000}
}
@inproceedings{chen2003visual,
  title={On visual similarity based 3D model retrieval},
  author={Chen, Ding-Yun and Tian, Xiao-Pei and Shen, Yu-Te and Ouhyoung, Ming},
  booktitle={Computer graphics forum},
  volume={22},
  number={3},
  pages={223--232},
  year={2003},
  organization={Wiley Online Library}
}
@article{funkhouser2003search,
  title={A search engine for 3D models},
  author={Funkhouser, Thomas and Min, Patrick and Kazhdan, Michael and Chen, Joyce and Halderman, Alex and Dobkin, David and Jacobs, David},
  journal={ACM Transactions on Graphics (TOG)},
  volume={22},
  number={1},
  pages={83--105},
  year={2003},
  publisher={ACM}
}
@article{teh1988image,
  title={On image analysis by the methods of moments},
  author={Teh, C-H and Chin, Roland T.},
  journal={IEEE Transactions on pattern analysis and machine intelligence},
  volume={10},
  number={4},
  pages={496--513},
  year={1988},
  publisher={IEEE}
}
@article{mokhtarian1992theory,
  title={A theory of multiscale, curvature-based shape representation for planar curves},
  author={Mokhtarian, Farzin and Mackworth, Alan K},
  journal={IEEE Transactions on Pattern Analysis and Machine Intelligence},
  volume={14},
  number={8},
  pages={789--805},
  year={1992}
}
@article{sebastian2004recognition,
  title={Recognition of shapes by editing their shock graphs},
  author={Sebastian, Thomas B and Klein, Philip N and Kimia, Benjamin B},
  journal={IEEE Transactions on pattern analysis and machine intelligence},
  volume={26},
  number={5},
  pages={550--571},
  year={2004},
  publisher={IEEE}
}
@inproceedings{siddiqi1996shock,
  title={A shock grammar for recognition},
  author={Siddiqi, Kaleem and Kimia, Benjamin B},
  booktitle={Computer Vision and Pattern Recognition, 1996. Proceedings CVPR'96, 1996 IEEE Computer Society Conference on},
  pages={507--513},
  year={1996},
  organization={IEEE}
}
@inproceedings{eitz2010sketch,
  title={Sketch-based 3D shape retrieval},
  author={Eitz, Mathias and Hildebrand, Kristian and Boubekeur, Tamy and Alexa, Marc},
  booktitle={ACM SIGGRAPH 2010 Talks},
  pages={5},
  year={2010},
  organization={ACM}
}
@inproceedings{bustos2004using,
  title={Using entropy impurity for improved 3D object similarity search},
  author={Bustos, Benjamin and Keim, Daniel A and Saupe, Dietmar and Schreck, Tobias and Vranic, Dejan V},
  booktitle={Multimedia and Expo, 2004. ICME'04. 2004 IEEE International Conference on},
  volume={2},
  pages={1303--1306},
  year={2004},
  organization={IEEE}
}
@inproceedings{cole2008people,
  title={Where do people draw lines?},
  author={Cole, Forrester and Golovinskiy, Aleksey and Limpaecher, Alex and Barros, Heather Stoddart and Finkelstein, Adam and Funkhouser, Thomas and Rusinkiewicz, Szymon},
  booktitle={ACM Transactions on Graphics (TOG)},
  volume={27},
  number={3},
  pages={88},
  year={2008},
  organization={ACM}
}
@article{decarlo2003suggestive,
  title={Suggestive contours for conveying shape},
  author={DeCarlo, Doug and Finkelstein, Adam and Rusinkiewicz, Szymon and Santella, Anthony},
  journal={ACM Transactions on Graphics (TOG)},
  volume={22},
  number={3},
  pages={848--855},
  year={2003},
  publisher={ACM}
}
@inproceedings{igarashi2007teddy,
  title={Teddy: a sketching interface for 3D freeform design},
  author={Igarashi, Takeo and Matsuoka, Satoshi and Tanaka, Hidehiko},
  booktitle={Acm siggraph 2007 courses},
  pages={21},
  year={2007},
  organization={ACM}
}
@inproceedings{bernhardt2008matisse,
  title={Matisse: Painting 2D regions for modeling free-form shapes},
  author={Bernhardt, Adrien and Pihuit, Adeline and Cani, Marie-Paule and Barthe, Lo{\"\i}c},
  booktitle={SBM'08-Eurographics Workshop on Sketch-Based Interfaces and Modeling},
  pages={57--64},
  year={2008},
  organization={Eurographics Association}
}
@inproceedings{joshi2008repousse,
  title={Repouss{\'e}: Automatic Inflation of 2D Artwork.},
  author={Joshi, Pushkar and Carr, Nathan A},
  booktitle={SBM},
  pages={49--55},
  year={2008}
}
@article{nealen2007fibermesh,
  title={FiberMesh: designing freeform surfaces with 3D curves},
  author={Nealen, Andrew and Igarashi, Takeo and Sorkine, Olga and Alexa, Marc},
  journal={ACM transactions on graphics (TOG)},
  volume={26},
  number={3},
  pages={41},
  year={2007},
  publisher={ACM}
}
@inproceedings{kazmi2014survey,
  title={A survey of sketch based modeling systems},
  author={Kazmi, Ismail Khalid and You, Lihua and Zhang, Jian Jun},
  booktitle={Computer Graphics, Imaging and Visualization (CGIV), 2014 11th International Conference on},
  pages={27--36},
  year={2014},
  organization={IEEE}
}
@inproceedings{karpenko2006smoothsketch,
  title={SmoothSketch: 3D free-form shapes from complex sketches},
  author={Karpenko, Olga A and Hughes, John F},
  booktitle={ACM Transactions on Graphics (TOG)},
  volume={25},
  number={3},
  pages={589--598},
  year={2006},
  organization={ACM}
}
@article{botsch2008linear,
  title={On linear variational surface deformation methods},
  author={Botsch, Mario and Sorkine, Olga},
  journal={IEEE transactions on visualization and computer graphics},
  volume={14},
  number={1},
  pages={213--230},
  year={2008},
  publisher={IEEE}
}
@inproceedings{terzopoulos1987elastically,
  title={Elastically deformable models},
  author={Terzopoulos, Demetri and Platt, John and Barr, Alan and Fleischer, Kurt},
  booktitle={ACM Siggraph Computer Graphics},
  volume={21},
  number={4},
  pages={205--214},
  year={1987},
  organization={ACM}
}
@inproceedings{bae2008ilovesketch,
  title={ILoveSketch: as-natural-as-possible sketching system for creating 3d curve models},
  author={Bae, Seok-Hyung and Balakrishnan, Ravin and Singh, Karan},
  booktitle={Proceedings of the 21st annual ACM symposium on User interface software and technology},
  pages={151--160},
  year={2008},
  organization={ACM}
}
@inproceedings{buchanan2013automatic,
  title={Automatic single-view character model reconstruction},
  author={Buchanan, Philip and Mukundan, Ramakrishnan and Doggett, Michael},
  booktitle={Proceedings of the International Symposium on Sketch-Based Interfaces and Modeling},
  pages={5--14},
  year={2013},
  organization={ACM}
}
@inproceedings{fleisch2004constraint,
  title={Constraint Stroke-Based Oversketching for 3D Curves.},
  author={Fleisch, Timo and Rechel, Florian and Santos, Pedro and Stork, Andr{\'e}},
  booktitle={SBM},
  pages={161--165},
  year={2004}
}
@inproceedings{joshi2008repousse,
  title={Repouss{\'e}: Automatic Inflation of 2D Artwork.},
  author={Joshi, Pushkar and Carr, Nathan A},
  booktitle={SBM},
  pages={49--55},
  year={2008}
}
@incollection{do2017differential,
  title={Differential Geometry},
  author={Do Carmo, Manfredo P and Fischer, Gerd and Pinkall, Ulrich and Reckziegel, Helmut},
  booktitle={Mathematical Models},
  pages={155--180},
  year={2017},
  publisher={Springer}
}
@article{celniker1991deformable,
  title={Deformable curve and surface finite-elements for free-form shape design},
  author={Celniker, George and Gossard, Dave},
  journal={ACM SIGGRAPH computer graphics},
  volume={25},
  number={4},
  pages={257--266},
  year={1991},
  publisher={ACM}
}
@article{chaudhry2015dynamic,
  title={Dynamic skin deformation using finite difference solutions for character animation},
  author={Chaudhry, Ehtzaz and Bian, SJ and Ugail, Hassan and Jin, Xiaogang and You, LH and Zhang, Jian J},
  journal={Computers \& Graphics},
  volume={46},
  pages={294--305},
  year={2015},
  publisher={Elsevier}
}
@article{chaudhry2013shape,
  title={Shape modeling for animated characters using ordinary differential equations},
  author={Chaudhry, E and You, LH and Jin, Xiaogang and Yang, XS and Zhang, Jian J},
  journal={Computers \& Graphics},
  volume={37},
  number={6},
  pages={638--644},
  year={2013},
  publisher={Elsevier}
}
@inproceedings{hasler2010learning,
  title={Learning skeletons for shape and pose},
  author={Hasler, Nils and Thorm{\"a}hlen, Thorsten and Rosenhahn, Bodo and Seidel, Hans-Peter},
  booktitle={Proceedings of the 2010 ACM SIGGRAPH symposium on Interactive 3D Graphics and Games},
  pages={23--30},
  year={2010},
  organization={ACM}
}
@article{you2014blending,
  title={Blending using ODE swept surfaces with shape control and $$ C\^{} 1$$ C 1 continuity},
  author={You, LH and Ugail, Hassan and Tang, BP and Jin, Xiaogang and You, XY and Zhang, Jing J},
  journal={The Visual Computer},
  volume={30},
  number={6-8},
  pages={625--636},
  year={2014},
  publisher={Springer}
}
