@article{Buhmann:1998:DCQ,
	AUTHOR = {J. M. Buhmann and D. W. Fellner and M. Held and J.
		Ketterer and J. Puzicha},
	TITLE = {Dithered Color Quantization},
	JOURNAL = cgforum,
	EDITOR = {N. Ferreira and M. G{\"{o}}bel},
	VOLUME = {17},	NUMBER = {3},
	MONTH = Sep,	YEAR = {1998},	PAGES = {C219-C231},
	DOI = {10.1111/1467-8659.00269},
  NOTE = {(Proc. Eurographics'98)
	       \httpAddr{//diglib.eg.org/EG/CGF/volume17/issue3/ColQuant98}} }

@ARTICLE{Fellner-Helmberg93,
	AUTHOR = {Fellner, Dieter W. and Helmberg, Christoph},
	TITLE = {Robust Rendering of General Ellipses and Elliptical Arcs},
	JOURNAL = tog,
	VOLUME = {12},	NUMBER = {3},
	MONTH = Jul,	YEAR = {1993},	PAGES = {251-276},
  DOI= {10.1145/169711.169704}
  }

@BOOK (FolDamFeiHug.etal93,
	AUTHOR = {Foley, James D. and van Dam, Andries and
		Feiner, Stephen K. and Hughes, John F. and Phillips, R.},
	TITLE = {Introduction to Computer Graphics},
	PUBLISHER = {Addison-Wesley},
	YEAR = {1993} )

@ARTICLE{Kobbelt97-USHDR,
	author = {L. Kobbelt and M. Stamminger and H.-P. Seidel},
	title = {Using Subdivision on Hierarchical Data to Reconstruct Radiosity
		Distribution},
	JOURNAL = cgforum,
	volume = 16,	number = 3,	pages = {C347-C355},
	year = 1997,
	DOI = {10.1111/1467-8659.16.3conferenceissue.36},
	note = {(Proc. Eurographics'97)
	       \httpAddr{//diglib.eg.org/EG/CGF/volume16/issue3/CGF172.html}} }

@INPROCEEDINGS{Lafortune97-NARF,
	author = {Eric P. Lafortune and Sing-Choong Foo and Kenneth E. Torrance and
		Donald P. Greenberg},
	title = {Non-Linear Approximation of Reflectance Functions},
	booktitle = {Proc. SIGGRAPH '97},
	volume = 31,	pages = {117-126},
	year = 1997,
	DOI = {10.1145/258734.258801}
  }

@ARTICLE (Lous90,
	AUTHOR = {Y. Le Lous},
	TITLE = {Report on the {F}irst {E}urographics {W}orkshop on {V}isualization in
		{S}cientific {C}omputing},
	JOURNAL = cgforum,
	VOLUME = {9},	NUMBER = {4},
	MONTH = dec,	YEAR = {1990},	PAGES = {371-372},
  DOI= {10.1111/j.1467-8659.1990.tb00430.x}
  )

@ARTICLE (Seidel93,
	AUTHOR = {Seidel, Hans-Peter},
	TITLE = {Polar Forms for Geometrically Continuous Spline Curves of
		Arbitrary Degree},
	JOURNAL = tog,
	VOLUME = {12},	NUMBER = {1},
	MONTH = Jan,	YEAR = {1993},	PAGES = {1-34},
  DOI= {10.1145/169728.169726}
  )
  
@inproceedings{igarashi1999teddy,
  title={Teddy: a sketching interface for 3D freeform design},
  author={Igarashi, Takeo and Matsuoka, Satoshi and Tanaka, Hidehiko},
  booktitle={Proceedings of the 26th annual conference on Computer graphics and interactive techniques},
  pages={409--416},
  year={1999},
  organization={ACM Press/Addison-Wesley Publishing Co.}
}
@inproceedings{gingold2009structured,
  title={Structured annotations for 2D-to-3D modeling},
  author={Gingold, Yotam and Igarashi, Takeo and Zorin, Denis},
  booktitle={ACM Transactions on Graphics (TOG)},
  volume={28},
  number={5},
  pages={148},
  year={2009},
  organization={ACM}
}
@article{Karpenko:2006:SFS:1141911.1141928,
 author = {Karpenko, Olga A. and Hughes, John F.},
 title = {SmoothSketch: 3D Free-form Shapes from Complex Sketches},
 journal = {ACM Trans. Graph.},
 issue_date = {July 2006},
 volume = {25},
 number = {3},
 month = jul,
 year = {2006},
 issn = {0730-0301},
 pages = {589--598},
 numpages = {10},
 url = {http://doi.acm.org/10.1145/1141911.1141928},
 doi = {10.1145/1141911.1141928},
 acmid = {1141928},
 publisher = {ACM},
 address = {New York, NY, USA},
} 
@article{nealen2007fibermesh,
  title={FiberMesh: designing freeform surfaces with 3D curves},
  author={Nealen, Andrew and Igarashi, Takeo and Sorkine, Olga and Alexa, Marc},
  journal={ACM transactions on graphics (TOG)},
  volume={26},
  number={3},
  pages={41},
  year={2007},
  publisher={ACM}
}
@article{williams1997stochastic,
  title={Stochastic completion fields: A neural model of illusory contour shape and salience},
  author={Williams, Lance R and Jacobs, David W},
  journal={Neural computation},
  volume={9},
  number={4},
  pages={837--858},
  year={1997},
  publisher={MIT Press}
}
@article{chen20133,
  title={3-sweep: Extracting editable objects from a single photo},
  author={Chen, Tao and Zhu, Zhe and Shamir, Ariel and Hu, Shi-Min and Cohen-Or, Daniel},
  journal={ACM Transactions on Graphics (TOG)},
  volume={32},
  number={6},
  pages={195},
  year={2013},
  publisher={ACM}
}
@inproceedings {SBM:SBM07:023-030,
booktitle = {EUROGRAPHICS Workshop on Sketch-Based Interfaces and Modeling},
editor = {Michiel van de Panne and Eric Saund},
title = {{SilSketch: Automated Sketch-Based Editing of Surface Meshes}},
author = {Zimmermann, Johannes and Nealen, Andrew and Alexa, Marc},
year = {2007},
publisher = {The Eurographics Association},
ISSN = {1812-3503},
ISBN = {978-3-905674-00-2},
DOI = {10.2312/SBM/SBM07/023-030}
}
@inproceedings{draper2003gestural,
  title={A Gestural Interface to Free-Form Deformation.},
  author={Draper, Geoffrey and Egbert, Parris K},
  booktitle={graphics interface},
  volume={2003},
  pages={113--120},
  year={2003}
}
@inproceedings{kho2005sketching,
  title={Sketching mesh deformations},
  author={Kho, Youngihn and Garland, Michael},
  booktitle={Proceedings of the 2005 symposium on Interactive 3D graphics and games},
  pages={147--154},
  year={2005},
  organization={ACM}
}
@inproceedings{shtof2013geosemantic,
  title={Geosemantic snapping for sketch-based modeling},
  author={Shtof, Alex and Agathos, Alexander and Gingold, Yotam and Shamir, Ariel and Cohen-Or, Daniel},
  booktitle={Computer graphics forum},
  volume={32},
  number={2pt2},
  pages={245--253},
  year={2013},
  organization={Wiley Online Library}
}
@inproceedings{nealen2007sketch,
  title={A sketch-based interface for detail-preserving mesh editing},
  author={Nealen, Andrew and Sorkine, Olga and Alexa, Marc and Cohen-Or, Daniel},
  booktitle={ACM SIGGRAPH 2007 courses},
  pages={42},
  year={2007},
  organization={ACM}
}
@article{Zimmermann:2008:SIS:1411846.1411916,
 author = {Zimmermann, Johannes and Nealen, Andrew and Alexa, Marc},
 title = {Sketch-based Interfaces: Sketching Contours},
 journal = {Comput. Graph.},
 issue_date = {October, 2008},
 volume = {32},
 number = {5},
 month = oct,
 year = {2008},
 issn = {0097-8493},
 pages = {486--499},
 numpages = {14},
 url = {http://dx.doi.org/10.1016/j.cag.2008.05.006},
 doi = {10.1016/j.cag.2008.05.006},
 acmid = {1411916},
 publisher = {Pergamon Press, Inc.},
 address = {Elmsford, NY, USA},
 keywords = {Deformations, Sketch based modeling, Sketching, User interfaces},
}
@inproceedings{lipman2004differential,
  title={Differential coordinates for interactive mesh editing},
  author={Lipman, Yaron and Sorkine, Olga and Cohen-Or, Daniel and Levin, David and Rossi, Christian and Seidel, Hans-Peter},
  booktitle={Shape Modeling Applications, 2004. Proceedings},
  pages={181--190},
  year={2004},
  organization={IEEE}
}