@inproceedings{liu2016fast,
  title={Fast and Robust Inversion-Free Shape Manipulation},
  author={Liu, Tiantian and Gao, Ming and Zhu, Lifeng and Sifakis, Eftychios and Kavan, Ladislav},
  booktitle={Computer Graphics Forum},
  volume={35},
  number={2},
  pages={1--11},
  year={2016},
  organization={Wiley Online Library}
}
@article{von2006vector,
  title={Vector field based shape deformations},
  author={von Funck, Wolfram and Theisel, Holger and Seidel, Hans-Peter},
  journal={ACM Transactions on Graphics (TOG)},
  volume={25},
  number={3},
  pages={1118--1125},
  year={2006},
  publisher={ACM}
}
@inproceedings{sumner2007embedded,
  title={Embedded deformation for shape manipulation},
  author={Sumner, Robert W and Schmid, Johannes and Pauly, Mark},
  booktitle={ACM Transactions on Graphics (TOG)},
  volume={26},
  number={3},
  pages={80},
  year={2007},
  organization={ACM}
}
@inproceedings{moenning2003fast,
  title={Fast marching farthest point sampling},
  author={Moenning, Carsten and Dodgson, Neil A},
  year={2003}
}
@inproceedings{surazhsky2005fast,
  title={Fast exact and approximate geodesics on meshes},
  author={Surazhsky, Vitaly and Surazhsky, Tatiana and Kirsanov, Danil and Gortler, Steven J and Hoppe, Hugues},
  booktitle={ACM Transactions on Graphics (TOG)},
  volume={24},
  number={3},
  pages={553--560},
  year={2005},
  organization={ACM}
}
@incollection{floater2005surface,
  title={Surface parameterization: a tutorial and survey},
  author={Floater, Michael S and Hormann, Kai},
  booktitle={Advances in multiresolution for geometric modelling},
  pages={157--186},
  year={2005},
  publisher={Springer}
}
@inproceedings{sorkine2007rigid,
  title={As-rigid-as-possible surface modeling},
  author={Sorkine, Olga and Alexa, Marc},
  booktitle={Symposium on Geometry processing},
  volume={4},
  year={2007}
}
@article{levi2015smooth,
  title={Smooth rotation enhanced as-rigid-as-possible mesh animation},
  author={Levi, Zohar and Gotsman, Craig},
  journal={IEEE Transactions on Visualization and Computer Graphics},
  volume={21},
  number={2},
  pages={264--277},
  year={2015},
  publisher={IEEE}
}
@article{muller2005meshless,
  title={Meshless deformations based on shape matching},
  author={M{\"u}ller, Matthias and Heidelberger, Bruno and Teschner, Matthias and Gross, Markus},
  journal={ACM Transactions on Graphics (TOG)},
  volume={24},
  number={3},
  pages={471--478},
  year={2005},
  publisher={ACM}
}
@article{chao2010simple,
  title={A simple geometric model for elastic deformations},
  author={Chao, Isaac and Pinkall, Ulrich and Sanan, Patrick and Schr{\"o}der, Peter},
  journal={ACM Transactions on Graphics (TOG)},
  volume={29},
  number={4},
  pages={38},
  year={2010},
  publisher={ACM}
}
@phdthesis{jacobson2013algorithms,
  title={Algorithms and interfaces for real-time deformation of 2d and 3d shapes},
  author={Jacobson, Alec},
  year={2013}
}
@article{pinkall1993computing,
  title={Computing discrete minimal surfaces and their conjugates},
  author={Pinkall, Ulrich and Polthier, Konrad},
  journal={Experimental mathematics},
  volume={2},
  number={1},
  pages={15--36},
  year={1993},
  publisher={Taylor \& Francis}
}
@article{ali2013anatomy,
  title={Anatomy transfer},
  author={Ali-Hamadi, Dicko and Liu, Tiantian and Gilles, Benjamin and Kavan, Ladislav and Faure, Fran{\c{c}}ois and Palombi, Olivier and Cani, Marie-Paule},
  journal={ACM Transactions on Graphics (TOG)},
  volume={32},
  number={6},
  pages={188},
  year={2013},
  publisher={ACM}
}
@article{sumner2004deformation,
  title={Deformation transfer for triangle meshes},
  author={Sumner, Robert W and Popovi{\'c}, Jovan},
  journal={ACM Transactions on Graphics (TOG)},
  volume={23},
  number={3},
  pages={399--405},
  year={2004},
  publisher={ACM}
}
@inproceedings{weise2009face,
  title={Face/off: Live facial puppetry},
  author={Weise, Thibaut and Li, Hao and Van Gool, Luc and Pauly, Mark},
  booktitle={Proceedings of the 2009 ACM SIGGRAPH/Eurographics Symposium on Computer animation},
  pages={7--16},
  year={2009},
  organization={ACM}
}
@inproceedings{jacobson2010mixed,
  title={Mixed finite elements for variational surface modeling},
  author={Jacobson, Alec and Tosun, Elif and Sorkine, Olga and Zorin, Denis},
  booktitle={Computer Graphics Forum},
  volume={29},
  number={5},
  pages={1565--1574},
  year={2010},
  organization={Wiley Online Library}
}
@article{jacobson2011bounded,
  title={Bounded biharmonic weights for real-time deformation.},
  author={Jacobson, Alec and Baran, Ilya and Popovic, Jovan and Sorkine, Olga},
  journal={ACM Trans. Graph.},
  volume={30},
  number={4},
  pages={78},
  year={2011}
}
@article{yeh2011template,
  title={Template-based 3d model fitting using dual-domain relaxation},
  author={Yeh, I-Cheng and Lin, Chao-Hung and Sorkine, Olga and Lee, Tong-Yee},
  journal={IEEE Transactions on Visualization and Computer Graphics},
  volume={17},
  number={8},
  pages={1178--1190},
  year={2011},
  publisher={IEEE}
}
@inproceedings{sorkine2004least,
  title={Least-squares meshes},
  author={Sorkine, Olga and Cohen-Or, Daniel},
  booktitle={Shape Modeling Applications, 2004. Proceedings},
  pages={191--199},
  year={2004},
  organization={IEEE}
}
@inproceedings{allen2003space,
  title={The space of human body shapes: reconstruction and parameterization from range scans},
  author={Allen, Brett and Curless, Brian and Popovi{\'c}, Zoran},
  booktitle={ACM Transactions on Graphics (TOG)},
  volume={22},
  number={3},
  pages={587--594},
  year={2003},
  organization={ACM}
}
@inproceedings{amberg2007optimal,
  title={Optimal step nonrigid icp algorithms for surface registration},
  author={Amberg, Brian and Romdhani, Sami and Vetter, Thomas},
  booktitle={2007 IEEE Conference on Computer Vision and Pattern Recognition},
  pages={1--8},
  year={2007},
  organization={IEEE}
}
@inproceedings{sorkine2004laplacian,
  title={Laplacian surface editing},
  author={Sorkine, Olga and Cohen-Or, Daniel and Lipman, Yaron and Alexa, Marc and R{\"o}ssl, Christian and Seidel, H-P},
  booktitle={Proceedings of the 2004 Eurographics/ACM SIGGRAPH symposium on Geometry processing},
  pages={175--184},
  year={2004},
  organization={ACM}
}
@inproceedings{yamazaki2013non,
  title={Non-rigid shape registration using similarity-invariant differential coordinates},
  author={Yamazaki, Shuntaro and Kagami, Satoshi and Mochimaru, Masaaki},
  booktitle={2013 International Conference on 3D Vision-3DV 2013},
  pages={191--198},
  year={2013},
  organization={IEEE}
}
@inproceedings{papazov2011deformable,
  title={Deformable 3D shape registration based on local similarity transforms},
  author={Papazov, Chavdar and Burschka, Darius},
  booktitle={Computer Graphics Forum},
  volume={30},
  number={5},
  pages={1493--1502},
  year={2011},
  organization={Wiley Online Library}
}
@inproceedings{yoshiyasu2014conformal,
  title={As-Conformal-As-Possible Surface Registration},
  author={Yoshiyasu, Yusuke and Ma, Wan-Chun and Yoshida, Eiichi and Kanehiro, Fumio},
  booktitle={Computer Graphics Forum},
  volume={33},
  number={5},
  pages={257--267},
  year={2014},
  organization={Wiley Online Library}
}
@inproceedings{besl1992method,
  title={Method for registration of 3-D shapes},
  author={Besl, Paul J and McKay, Neil D},
  booktitle={Robotics-DL tentative},
  pages={586--606},
  year={1992},
  organization={International Society for Optics and Photonics}
}
@incollection{meyer2003discrete,
  title={Discrete differential-geometry operators for triangulated 2-manifolds},
  author={Meyer, Mark and Desbrun, Mathieu and Schr{\"o}der, Peter and Barr, Alan H},
  booktitle={Visualization and Mathematics III},
  pages={35--57},
  year={2003},
  publisher={Springer}
}
@inproceedings{qixing2008non,
  title={Non-Rigid Registration Under Isometric Deformations},
  author={Qixing, Huang and Adams, Bart and Wicke, Martin and Guibas, Leonidas},
  booktitle={Computer Graphics Forum},
  volume={5},
  number={27},
  year={2008},
  organization={North Holland}
}
@inproceedings{moenning2003fast,
  title={Fast marching farthest point sampling},
  author={Moenning, Carsten and Dodgson, Neil A},
  year={2003}
}
@inproceedings{surazhsky2005fast,
  title={Fast exact and approximate geodesics on meshes},
  author={Surazhsky, Vitaly and Surazhsky, Tatiana and Kirsanov, Danil and Gortler, Steven J and Hoppe, Hugues},
  booktitle={ACM Transactions on Graphics (TOG)},
  volume={24},
  number={3},
  pages={553--560},
  year={2005},
  organization={ACM}
}
@inproceedings{anguelov2005scape,
  title={SCAPE: shape completion and animation of people},
  author={Anguelov, Dragomir and Srinivasan, Praveen and Koller, Daphne and Thrun, Sebastian and Rodgers, Jim and Davis, James},
  booktitle={ACM Transactions on Graphics (TOG)},
  volume={24},
  number={3},
  pages={408--416},
  year={2005},
  organization={ACM}
}
@inproceedings{gilles2010creating,
  title={Creating and Animating Subject-Specific Anatomical Models},
  author={Gilles, Benjamin and Reveret, Lionel and Pai, DK},
  booktitle={Computer Graphics Forum},
  volume={29},
  number={8},
  pages={2340--2351},
  year={2010},
  organization={Wiley Online Library}
}
@inproceedings{sun2009concise,
  title={A Concise and Provably Informative Multi-Scale Signature Based on Heat Diffusion},
  author={Sun, Jian and Ovsjanikov, Maks and Guibas, Leonidas},
  booktitle={Computer graphics forum},
  volume={28},
  number={5},
  pages={1383--1392},
  year={2009},
  organization={Wiley Online Library}
}
@inproceedings{aubry2011wave,
  title={The wave kernel signature: A quantum mechanical approach to shape analysis},
  author={Aubry, Mathieu and Schlickewei, Ulrich and Cremers, Daniel},
  booktitle={Computer Vision Workshops (ICCV Workshops), 2011 IEEE International Conference on},
  pages={1626--1633},
  year={2011},
  organization={IEEE}
}
@article{johnson1999using,
  title={Using spin images for efficient object recognition in cluttered 3D scenes},
  author={Johnson, Andrew E. and Hebert, Martial},
  journal={IEEE Transactions on pattern analysis and machine intelligence},
  volume={21},
  number={5},
  pages={433--449},
  year={1999},
  publisher={IEEE}
}
@article{belongie2002shape,
  title={Shape matching and object recognition using shape contexts},
  author={Belongie, Serge and Malik, Jitendra and Puzicha, Jan},
  journal={IEEE Transactions on Pattern Analysis and Machine Intelligence},
  volume={24},
  number={4},
  pages={509--522},
  year={2002},
  publisher={IEEE}
}
@article{panozzo2010efficient,
  title={Efficient multiscale curvature and crease estimation},
  author={Panozzo, D and Puppo, E and Rocca, L},
  journal={Proceedings of Computer Graphics, Computer Vision and Mathematics (Brno, Czech Rapubic},
  volume={1},
  number={6},
  year={2010},
  publisher={Citeseer}
}
@inproceedings{gelfand2005robust,
  title={Robust global registration},
  author={Gelfand, Natasha and Mitra, Niloy J and Guibas, Leonidas J and Pottmann, Helmut},
  booktitle={Symposium on geometry processing},
  volume={2},
  number={3},
  pages={5},
  year={2005}
}
@inproceedings{papazov2009stochastic,
  title={Stochastic optimization for rigid point set registration},
  author={Papazov, Chavdar and Burschka, Darius},
  booktitle={International Symposium on Visual Computing},
  pages={1043--1054},
  year={2009},
  organization={Springer}
}
@inproceedings{li2008global,
  title={Global Correspondence Optimization for Non-Rigid Registration of Depth Scans},
  author={Li, Hao and Sumner, Robert W and Pauly, Mark},
  booktitle={Computer Graphics Forum},
  volume={27},
  number={5},
  pages={1421--1430},
  year={2008},
  organization={Wiley Online Library}
}
@inproceedings{tevs2009isometric,
  title={Isometric registration of ambiguous and partial data},
  author={Tevs, Art and Bokeloh, Martin and Wand, Michael and Schilling, Andreas and Seidel, Hans-Peter},
  booktitle={Computer Vision and Pattern Recognition, 2009. CVPR 2009. IEEE Conference on},
  pages={1185--1192},
  year={2009},
  organization={IEEE}
}
@article{tam2013registration,
  title={Registration of 3D point clouds and meshes: a survey from rigid to nonrigid},
  author={Tam, Gary KL and Cheng, Zhi-Quan and Lai, Yu-Kun and Langbein, Frank C and Liu, Yonghuai and Marshall, David and Martin, Ralph R and Sun, Xian-Fang and Rosin, Paul L},
  journal={IEEE Transactions on Visualization and Computer Graphics},
  volume={19},
  number={7},
  pages={1199--1217},
  year={2013},
  publisher={IEEE}
}
@article{botsch2008linear,
  title={On linear variational surface deformation methods},
  author={Botsch, Mario and Sorkine, Olga},
  journal={IEEE Transactions on Visualization and Computer Graphics},
  volume={14},
  number={1},
  pages={213--230},
  year={2008},
  publisher={IEEE}
}
@inproceedings{van2011survey,
  title={A survey on shape correspondence},
  author={Van Kaick, Oliver and Zhang, Hao and Hamarneh, Ghassan and Cohen-Or, Daniel},
  booktitle={Computer Graphics Forum},
  volume={30},
  number={6},
  pages={1681--1707},
  year={2011},
  organization={Wiley Online Library}
}
@article{lipman2012bounded,
  title={Bounded distortion mapping spaces for triangular meshes},
  author={Lipman, Yaron},
  journal={ACM Transactions on Graphics (TOG)},
  volume={31},
  number={4},
  pages={108},
  year={2012},
  publisher={ACM}
}
@inproceedings{bronstein2010scale,
  title={Scale-invariant heat kernel signatures for non-rigid shape recognition},
  author={Bronstein, Michael M and Kokkinos, Iasonas},
  booktitle={Computer Vision and Pattern Recognition (CVPR), 2010 IEEE Conference on},
  pages={1704--1711},
  year={2010},
  organization={IEEE}
}
@inproceedings{sun2009concise,
  title={A concise and provably informative multi-scale signature based on heat diffusion},
  author={Sun, Jian and Ovsjanikov, Maks and Guibas, Leonidas},
  booktitle={Computer graphics forum},
  volume={28},
  number={5},
  pages={1383--1392},
  year={2009},
  organization={Wiley Online Library}
}
@inproceedings{aubry2011wave,
  title={The wave kernel signature: A quantum mechanical approach to shape analysis},
  author={Aubry, Mathieu and Schlickewei, Ulrich and Cremers, Daniel},
  booktitle={Computer Vision Workshops (ICCV Workshops), 2011 IEEE International Conference on},
  pages={1626--1633},
  year={2011},
  organization={IEEE}
}
@article{rivers2007fastlsm,
  title={FastLSM: fast lattice shape matching for robust real-time deformation},
  author={Rivers, Alec R and James, Doug L},
  journal={ACM Transactions on Graphics (TOG)},
  volume={26},
  number={3},
  pages={82},
  year={2007},
  publisher={ACM}
}
@inproceedings{weber2007context,
  title={Context-Aware Skeletal Shape Deformation},
  author={Weber, Ofir and Sorkine, Olga and Lipman, Yaron and Gotsman, Craig},
  booktitle={Computer Graphics Forum},
  volume={26},
  number={3},
  pages={265--274},
  year={2007},
  organization={Wiley Online Library}
}
@inproceedings{jacobson2012smooth,
  title={Smooth Shape-Aware Functions with Controlled Extrema},
  author={Jacobson, Alec and Weinkauf, Tino and Sorkine, Olga},
  booktitle={Computer Graphics Forum},
  volume={31},
  number={5},
  pages={1577--1586},
  year={2012},
  organization={Wiley Online Library}
}
@inproceedings{welch1992variational,
  title={Variational surface modeling},
  author={Welch, William and Witkin, Andrew},
  booktitle={ACM SIGGRAPH computer graphics},
  volume={26},
  number={2},
  pages={157--166},
  year={1992},
  organization={ACM}
}
@book{moreton1992functional,
  title={Functional optimization for fair surface design},
  author={Moreton, Henry P and S{\'e}quin, Carlo H},
  volume={26},
  number={2},
  year={1992},
  publisher={ACM}
}
@inproceedings{terzopoulos1987elastically,
  title={Elastically deformable models},
  author={Terzopoulos, Demetri and Platt, John and Barr, Alan and Fleischer, Kurt},
  booktitle={ACM Siggraph Computer Graphics},
  volume={21},
  number={4},
  pages={205--214},
  year={1987},
  organization={ACM}
}
@article{celniker1991deformable,
  title={Deformable curve and surface finite-elements for free-form shape design},
  author={Celniker, George and Gossard, Dave},
  journal={ACM SIGGRAPH computer graphics},
  volume={25},
  number={4},
  pages={257--266},
  year={1991},
  publisher={ACM}
}
@inproceedings{guskov1999multiresolution,
  title={Multiresolution signal processing for meshes},
  author={Guskov, Igor and Sweldens, Wim and Schr{\"o}der, Peter},
  booktitle={Proceedings of the 26th annual conference on Computer graphics and interactive techniques},
  pages={325--334},
  year={1999},
  organization={ACM Press/Addison-Wesley Publishing Co.}
}
@inproceedings{kobbelt1998interactive,
  title={Interactive multi-resolution modeling on arbitrary meshes},
  author={Kobbelt, Leif and Campagna, Swen and Vorsatz, Jens and Seidel, Hans-Peter},
  booktitle={Proceedings of the 25th annual conference on Computer graphics and interactive techniques},
  pages={105--114},
  year={1998},
  organization={ACM}
}
@inproceedings{botsch2004intuitive,
  title={An intuitive framework for real-time freeform modeling},
  author={Botsch, Mario and Kobbelt, Leif},
  booktitle={ACM Transactions on Graphics (TOG)},
  volume={23},
  number={3},
  pages={630--634},
  year={2004},
  organization={ACM}
}
@inproceedings{bickel2008pose,
  title={Pose-space animation and transfer of facial details},
  author={Bickel, Bernd and Lang, Manuel and Botsch, Mario and Otaduy, Miguel A and Gross, Markus},
  booktitle={Proceedings of the 2008 ACM SIGGRAPH/Eurographics Symposium on Computer Animation},
  pages={57--66},
  year={2008},
  organization={Eurographics Association}
}
@article{kobbelt1999multiresolution,
  title={Multiresolution hierarchies on unstructured triangle meshes},
  author={Kobbelt, Leif and Vorsatz, Jens and Seidel, Hans-Peter},
  journal={Computational Geometry},
  volume={14},
  number={1-3},
  pages={5--24},
  year={1999},
  publisher={Elsevier}
}
@inproceedings{kobbelt1998interactive,
  title={Interactive multi-resolution modeling on arbitrary meshes},
  author={Kobbelt, Leif and Campagna, Swen and Vorsatz, Jens and Seidel, Hans-Peter},
  booktitle={Proceedings of the 25th annual conference on Computer graphics and interactive techniques},
  pages={105--114},
  year={1998},
  organization={ACM}
}
@inproceedings{botsch2003multiresolution,
  title={Multiresolution surface representation based on displacement volumes},
  author={Botsch, Mario and Kobbelt, Leif},
  booktitle={Computer Graphics Forum},
  volume={22},
  number={3},
  pages={483--491},
  year={2003},
  organization={Wiley Online Library}
}
@inproceedings{lipman2004differential,
  title={Differential coordinates for interactive mesh editing},
  author={Lipman, Yaron and Sorkine, Olga and Cohen-Or, Daniel and Levin, David and Rossi, Christian and Seidel, Hans-Peter},
  booktitle={Shape Modeling Applications, 2004. Proceedings},
  pages={181--190},
  year={2004},
  organization={IEEE}
}
@inproceedings{yu2004mesh,
  title={Mesh editing with poisson-based gradient field manipulation},
  author={Yu, Yizhou and Zhou, Kun and Xu, Dong and Shi, Xiaohan and Bao, Hujun and Guo, Baining and Shum, Heung-Yeung},
  booktitle={ACM Transactions on Graphics (TOG)},
  volume={23},
  number={3},
  pages={644--651},
  year={2004},
  organization={ACM}
}
@inproceedings{zayer2005harmonic,
  title={Harmonic guidance for surface deformation},
  author={Zayer, Rhaleb and R{\"o}ssl, Christian and Karni, Zachi and Seidel, Hans-Peter},
  booktitle={Computer Graphics Forum},
  volume={24},
  number={3},
  pages={601--609},
  year={2005},
  organization={Wiley Online Library}
}
@article{lipman2005linear,
  title={Linear rotation-invariant coordinates for meshes},
  author={Lipman, Yaron and Sorkine, Olga and Levin, David and Cohen-Or, Daniel},
  journal={ACM Transactions on Graphics (TOG)},
  volume={24},
  number={3},
  pages={479--487},
  year={2005},
  publisher={ACM}
}
@article{sumner2005mesh,
  title={Mesh-based inverse kinematics},
  author={Sumner, Robert W and Zwicker, Matthias and Gotsman, Craig and Popovi{\'c}, Jovan},
  journal={ACM transactions on graphics (TOG)},
  volume={24},
  number={3},
  pages={488--495},
  year={2005},
  publisher={ACM}
}
@article{sederberg1986free,
  title={Free-form deformation of solid geometric models},
  author={Sederberg, Thomas W and Parry, Scott R},
  journal={ACM SIGGRAPH computer graphics},
  volume={20},
  number={4},
  pages={151--160},
  year={1986},
  publisher={ACM}
}
@book{coquillart1990extended,
  title={Extended free-form deformation: a sculpturing tool for 3D geometric modeling},
  author={Coquillart, Sabine},
  volume={24},
  number={4},
  year={1990},
  publisher={ACM}
}
@inproceedings{maccracken1996free,
  title={Free-form deformations with lattices of arbitrary topology},
  author={MacCracken, Ron and Joy, Kenneth I},
  booktitle={Proceedings of the 23rd annual conference on Computer graphics and interactive techniques},
  pages={181--188},
  year={1996},
  organization={ACM}
}
@inproceedings{hsu1992direct,
  title={Direct manipulation of free-form deformations},
  author={Hsu, William M and Hughes, John F and Kaufman, Henry},
  booktitle={ACM Siggraph Computer Graphics},
  volume={26},
  number={2},
  pages={177--184},
  year={1992},
  organization={ACM}
}
@inproceedings{singh1998wires,
  title={Wires: a geometric deformation technique},
  author={Singh, Karan and Fiume, Eugene},
  booktitle={Proceedings of the 25th annual conference on Computer graphics and interactive techniques},
  pages={405--414},
  year={1998},
  organization={ACM}
}
@inproceedings{singh2000skinning,
  title={Skinning Characters using Surface Oriented Free-Form Deformations.},
  author={Singh, Karan and Kokkevis, Evangelos},
  booktitle={Graphics interface},
  volume={2000},
  pages={35--42},
  year={2000}
}
@inproceedings{botsch2005real,
  title={Real-Time Shape Editing using Radial Basis Functions},
  author={Botsch, Mario and Kobbelt, Leif},
  booktitle={Computer graphics forum},
  volume={24},
  number={3},
  pages={611--621},
  year={2005},
  organization={Wiley Online Library}
}
@inproceedings{ju2005mean,
  title={Mean value coordinates for closed triangular meshes},
  author={Ju, Tao and Schaefer, Scott and Warren, Joe},
  booktitle={ACM Transactions on Graphics (TOG)},
  volume={24},
  number={3},
  pages={561--566},
  year={2005},
  organization={ACM}
}
@inproceedings{joshi2007harmonic,
  title={Harmonic coordinates for character articulation},
  author={Joshi, Pushkar and Meyer, Mark and DeRose, Tony and Green, Brian and Sanocki, Tom},
  booktitle={ACM Transactions on Graphics (TOG)},
  volume={26},
  number={3},
  pages={71},
  year={2007},
  organization={ACM}
}
@inproceedings{lipman2007gpu,
  title={GPU-assisted positive mean value coordinates for mesh deformations},
  author={Lipman, Yaron and Kopf, Johannes and Cohen-Or, Daniel and Levin, David},
  booktitle={Symposium on geometry processing},
  year={2007}
}
@inproceedings{lipman2008green,
  title={Green coordinates},
  author={Lipman, Yaron and Levin, David and Cohen-Or, Daniel},
  booktitle={ACM Transactions on Graphics (TOG)},
  volume={27},
  number={3},
  pages={78},
  year={2008},
  organization={ACM}
}
@inproceedings{hormann2008maximum,
  title={Maximum entropy coordinates for arbitrary polytopes},
  author={Hormann, Kai and Sukumar, Natarajan},
  booktitle={Computer Graphics Forum},
  volume={27},
  number={5},
  pages={1513--1520},
  year={2008},
  organization={Wiley Online Library}
}
@inproceedings{weber2011complex,
  title={A complex view of barycentric mappings},
  author={Weber, Ofir and Ben-Chen, Mirela and Gotsman, Craig and Hormann, Kai},
  booktitle={Computer Graphics Forum},
  volume={30},
  number={5},
  pages={1533--1542},
  year={2011},
  organization={Wiley Online Library}
}
@article{li2013poisson,
  title={Poisson coordinates},
  author={Li, Xian-Ying and Hu, Shi-Min},
  journal={IEEE Transactions on visualization and computer graphics},
  volume={19},
  number={2},
  pages={344--352},
  year={2013},
  publisher={IEEE}
}
@inproceedings{kraevoy2004cross,
  title={Cross-parameterization and compatible remeshing of 3D models},
  author={Kraevoy, Vladislav and Sheffer, Alla},
  booktitle={ACM Transactions on Graphics (TOG)},
  volume={23},
  number={3},
  pages={861--869},
  year={2004},
  organization={ACM}
}
@inproceedings{kraevoy2005template,
  title={Template-Based Mesh Completion.},
  author={Kraevoy, Vladislav and Sheffer, Alla},
  booktitle={Symposium on Geometry Processing},
  volume={385},
  pages={13--22},
  year={2005}
}
@inproceedings{huang2006subspace,
  title={Subspace gradient domain mesh deformation},
  author={Huang, Jin and Shi, Xiaohan and Liu, Xinguo and Zhou, Kun and Wei, Li-Yi and Teng, Shang-Hua and Bao, Hujun and Guo, Baining and Shum, Heung-Yeung},
  booktitle={ACM Transactions on Graphics (TOG)},
  volume={25},
  number={3},
  pages={1126--1134},
  year={2006},
  organization={ACM}
}
@inproceedings{au2007handle,
  title={Handle-aware isolines for scalable shape editing},
  author={Au, Oscar Kin-Chung and Fu, Hongbo and Tai, Chiew-Lan and Cohen-Or, Daniel},
  booktitle={ACM Transactions on Graphics (TOG)},
  volume={26},
  number={3},
  pages={83},
  year={2007},
  organization={ACM}
}
@inproceedings{zayer2005harmonic,
  title={Harmonic guidance for surface deformation},
  author={Zayer, Rhaleb and R{\"o}ssl, Christian and Karni, Zachi and Seidel, Hans-Peter},
  booktitle={Computer Graphics Forum},
  volume={24},
  number={3},
  pages={601--609},
  year={2005},
  organization={Wiley Online Library}
}
@inproceedings{shi2007mesh,
  title={Mesh puppetry: cascading optimization of mesh deformation with inverse kinematics},
  author={Shi, Xiaohan and Zhou, Kun and Tong, Yiying and Desbrun, Mathieu and Bao, Hujun and Guo, Baining},
  booktitle={ACM Transactions on Graphics (TOG)},
  volume={26},
  number={3},
  pages={81},
  year={2007},
  organization={ACM}
}
@inproceedings{botsch2006primo,
  title={PriMo: coupled prisms for intuitive surface modeling},
  author={Botsch, Mario and Pauly, Mark and Gross, Markus H and Kobbelt, Leif},
  booktitle={Symposium on Geometry Processing},
  number={EPFL-CONF-149310},
  pages={11--20},
  year={2006}
}
@inproceedings{botsch2007adaptive,
  title={Adaptive space deformations based on rigid cells},
  author={Botsch, Mario and Pauly, Mark and Wicke, Martin and Gross, Markus},
  booktitle={Computer Graphics Forum},
  volume={26},
  number={3},
  pages={339--347},
  year={2007},
  organization={Wiley Online Library}
}
@article{angelidis2006swirling,
  title={Swirling-sweepers: Constant-volume modeling},
  author={Angelidis, Alexis and Cani, Marie-Paule and Wyvill, Geoff and King, Scott},
  journal={Graphical Models},
  volume={68},
  number={4},
  pages={324--332},
  year={2006},
  publisher={Elsevier}
}
@article{von2006vector,
  title={Vector field based shape deformations},
  author={von Funck, Wolfram and Theisel, Holger and Seidel, Hans-Peter},
  journal={ACM Transactions on Graphics (TOG)},
  volume={25},
  number={3},
  pages={1118--1125},
  year={2006},
  publisher={ACM}
}
@article{besl1992method,
  title={A method for registration of 3-D shapes},
  author={Besl, Paul J and McKay, Neil D and others},
  journal={IEEE Transactions on pattern analysis and machine intelligence},
  volume={14},
  number={2},
  pages={239--256},
  year={1992}
}
@inproceedings{rusinkiewicz2001efficient,
  title={Efficient variants of the ICP algorithm},
  author={Rusinkiewicz, Szymon and Levoy, Marc},
  booktitle={3-D Digital Imaging and Modeling, 2001. Proceedings. Third International Conference on},
  pages={145--152},
  year={2001},
  organization={IEEE}
}
@inproceedings{gelfand2005robust,
  title={Robust global registration},
  author={Gelfand, Natasha and Mitra, Niloy J and Guibas, Leonidas J and Pottmann, Helmut},
  booktitle={Symposium on geometry processing},
  volume={2},
  number={3},
  pages={5},
  year={2005}
}
@inproceedings{huang2006reassembling,
  title={Reassembling fractured objects by geometric matching},
  author={Huang, Qi-Xing and Fl{\"o}ry, Simon and Gelfand, Natasha and Hofer, Michael and Pottmann, Helmut},
  booktitle={ACM Transactions on Graphics (TOG)},
  volume={25},
  number={3},
  pages={569--578},
  year={2006},
  organization={ACM}
}
@inproceedings{bouaziz2013sparse,
  title={Sparse iterative closest point},
  author={Bouaziz, Sofien and Tagliasacchi, Andrea and Pauly, Mark},
  booktitle={Computer graphics forum},
  volume={32},
  number={5},
  pages={113--123},
  year={2013},
  organization={Wiley Online Library}
}
@inproceedings{castellani2008sparse,
  title={Sparse points matching by combining 3D mesh saliency with statistical descriptors},
  author={Castellani, Umberto and Cristani, Marco and Fantoni, Simone and Murino, Vittorio},
  booktitle={Computer Graphics Forum},
  volume={27},
  number={2},
  pages={643--652},
  year={2008},
  organization={Wiley Online Library}
}
@inproceedings{anguelov2005correlated,
  title={The correlated correspondence algorithm for unsupervised registration of nonrigid surfaces},
  author={Anguelov, Dragomir and Srinivasan, Praveen and Pang, Hoi-Cheung and Koller, Daphne and Thrun, Sebastian and Davis, James},
  booktitle={Advances in neural information processing systems},
  pages={33--40},
  year={2005}
}
@article{biasotti2006sub,
  title={Sub-part correspondence by structural descriptors of 3D shapes},
  author={Biasotti, Silvia and Marini, Simone and Spagnuolo, Michela and Falcidieno, Bianca},
  journal={Computer-Aided Design},
  volume={38},
  number={9},
  pages={1002--1019},
  year={2006},
  publisher={Elsevier}
}
@inproceedings{gelfand2005robust,
  title={Robust global registration},
  author={Gelfand, Natasha and Mitra, Niloy J and Guibas, Leonidas J and Pottmann, Helmut},
  booktitle={Symposium on geometry processing},
  volume={2},
  number={3},
  pages={5},
  year={2005}
}
@inproceedings{kin2010electors,
  title={Electors voting for fast automatic shape correspondence},
  author={Kin-Chung Au, Oscar and Tai, Chiew-Lan and Cohen-Or, Daniel and Zheng, Youyi and Fu, Hongbo},
  booktitle={Computer Graphics Forum},
  volume={29},
  number={2},
  pages={645--654},
  year={2010},
  organization={Wiley Online Library}
}
@inproceedings{chang2008automatic,
  title={Automatic registration for articulated shapes},
  author={Chang, Will and Zwicker, Matthias},
  booktitle={Computer Graphics Forum},
  volume={27},
  number={5},
  pages={1459--1468},
  year={2008},
  organization={Wiley Online Library}
}
@article{aiger20084,
  title={4-points congruent sets for robust pairwise surface registration},
  author={Aiger, Dror and Mitra, Niloy J and Cohen-Or, Daniel},
  journal={ACM Transactions on Graphics (TOG)},
  volume={27},
  number={3},
  pages={85},
  year={2008},
  publisher={ACM}
}
@inproceedings{turk1994zippered,
  title={Zippered polygon meshes from range images},
  author={Turk, Greg and Levoy, Marc},
  booktitle={Proceedings of the 21st annual conference on Computer graphics and interactive techniques},
  pages={311--318},
  year={1994},
  organization={ACM}
}
@article{irani1999combinatorial,
  title={Combinatorial and experimental results for randomized point matching algorithms},
  author={Irani, Sandy and Raghavan, Prabhakar},
  journal={Computational Geometry},
  volume={12},
  number={1-2},
  pages={17--31},
  year={1999},
  publisher={Elsevier}
}
@article{elad2003bending,
  title={On bending invariant signatures for surfaces},
  author={Elad, Asi and Kimmel, Ron},
  journal={IEEE Transactions on pattern analysis and machine intelligence},
  volume={25},
  number={10},
  pages={1285--1295},
  year={2003},
  publisher={IEEE}
}
@article{jain2007non,
  title={Non-rigid spectral correspondence of triangle meshes},
  author={Jain, Varun and Zhang, Hao and van Kaick, Oliver},
  journal={International Journal of Shape Modeling},
  volume={13},
  number={01},
  pages={101--124},
  year={2007},
  publisher={World Scientific}
}
@inproceedings{huang2008non,
  title={Non-rigid registration under isometric deformations},
  author={Huang, Qi-Xing and Adams, Bart and Wicke, Martin and Guibas, Leonidas J},
  booktitle={Computer Graphics Forum},
  volume={27},
  number={5},
  pages={1449--1457},
  year={2008},
  organization={Wiley Online Library}
}
@article{audette2000algorithmic,
  title={An algorithmic overview of surface registration techniques for medical imaging},
  author={Audette, Michel A and Ferrie, Frank P and Peters, Terry M},
  journal={Medical image analysis},
  volume={4},
  number={3},
  pages={201--217},
  year={2000},
  publisher={Elsevier}
}
@inproceedings{allen2003space,
  title={The space of human body shapes: reconstruction and parameterization from range scans},
  author={Allen, Brett and Curless, Brian and Popovi{\'c}, Zoran},
  booktitle={ACM transactions on graphics (TOG)},
  volume={22},
  number={3},
  pages={587--594},
  year={2003},
  organization={ACM}
}
@inproceedings{zhang2008deformation,
  title={Deformation-Driven Shape Correspondence},
  author={Zhang, Hao and Sheffer, Alla and Cohen-Or, Daniel and Zhou, Quan and Van Kaick, Oliver and Tagliasacchi, Andrea},
  booktitle={Computer Graphics Forum},
  volume={27},
  number={5},
  pages={1431--1439},
  year={2008},
  organization={Wiley Online Library}
}
@article{chui2003new,
  title={A new point matching algorithm for non-rigid registration},
  author={Chui, Haili and Rangarajan, Anand},
  journal={Computer Vision and Image Understanding},
  volume={89},
  number={2},
  pages={114--141},
  year={2003},
  publisher={Elsevier}
}
@inproceedings{pauly2005example,
  title={Example-based 3D scan completion},
  author={Pauly, Mark and Mitra, Niloy J and Giesen, Joachim and Gross, Markus H and Guibas, Leonidas J},
  booktitle={Symposium on Geometry Processing},
  number={EPFL-CONF-149337},
  pages={23--32},
  year={2005}
}
@inproceedings{chang2008automatic,
  title={Automatic registration for articulated shapes},
  author={Chang, Will and Zwicker, Matthias},
  booktitle={Computer Graphics Forum},
  volume={27},
  number={5},
  pages={1459--1468},
  year={2008},
  organization={Wiley Online Library}
}
@inproceedings{tevs2009isometric,
  title={Isometric registration of ambiguous and partial data},
  author={Tevs, Art and Bokeloh, Martin and Wand, Michael and Schilling, Andreas and Seidel, Hans-Peter},
  booktitle={Computer Vision and Pattern Recognition, 2009. CVPR 2009. IEEE Conference on},
  pages={1185--1192},
  year={2009},
  organization={IEEE}
}
@article{maron2016point,
  title={Point registration via efficient convex relaxation},
  author={Maron, Haggai and Dym, Nadav and Kezurer, Itay and Kovalsky, Shahar and Lipman, Yaron},
  journal={ACM Transactions on Graphics (TOG)},
  volume={35},
  number={4},
  pages={73},
  year={2016},
  publisher={ACM}
}
@inproceedings{yang2015sparse,
  title={Sparse Non-rigid Registration of 3D Shapes},
  author={Yang, Jingyu and Li, Ke and Li, Kun and Lai, Yu-Kun},
  booktitle={Computer Graphics Forum},
  volume={34},
  number={5},
  pages={89--99},
  year={2015},
  organization={Wiley Online Library}
}
@inproceedings{irving2004invertible,
  title={Invertible finite elements for robust simulation of large deformation},
  author={Irving, Geoffrey and Teran, Joseph and Fedkiw, Ronald},
  booktitle={Proceedings of the 2004 ACM SIGGRAPH/Eurographics symposium on Computer animation},
  pages={131--140},
  year={2004},
  organization={Eurographics Association}
}
@inproceedings{stomakhin2012energetically,
  title={Energetically consistent invertible elasticity},
  author={Stomakhin, Alexey and Howes, Russell and Schroeder, Craig and Teran, Joseph M},
  booktitle={Proceedings of the ACM SIGGRAPH/Eurographics Symposium on Computer Animation},
  pages={25--32},
  year={2012},
  organization={Eurographics Association}
}
@inproceedings{setaluri2014fast,
  title={Fast grid-based nonlinear elasticity for 2D deformations},
  author={Setaluri, Rajsekhar and Wang, Yu and Mitchell, Nathan and Kavan, Ladislav and Sifakis, Eftychios},
  booktitle={Proceedings of the ACM SIGGRAPH/Eurographics Symposium on Computer Animation},
  pages={67--76},
  year={2014},
  organization={Eurographics Association}
}
@inproceedings{civit2014robust,
  title={Robust treatment of degenerate elements in interactive corotational fem simulations},
  author={Civit-Flores, Oscar and Sus{\'\i}n, Antonio},
  booktitle={Computer Graphics Forum},
  volume={33},
  number={6},
  pages={298--309},
  year={2014},
  organization={Wiley Online Library}
}
@book{bonet1997nonlinear,
  title={Nonlinear continuum mechanics for finite element analysis},
  author={Bonet, Javier and Wood, Richard D},
  year={1997},
  publisher={Cambridge university press}
}
@inproceedings{schuller2013locally,
  title={Locally injective mappings},
  author={Sch{\"u}ller, Christian and Kavan, Ladislav and Panozzo, Daniele and Sorkine-Hornung, Olga},
  booktitle={Computer Graphics Forum},
  volume={32},
  number={5},
  pages={125--135},
  year={2013},
  organization={Wiley Online Library}
}
@article{chen2014asymptotic,
  title={An asymptotic numerical method for inverse elastic shape design},
  author={Chen, Xiang and Zheng, Changxi and Xu, Weiwei and Zhou, Kun},
  journal={ACM Transactions on Graphics (TOG)},
  volume={33},
  number={4},
  pages={95},
  year={2014},
  publisher={ACM}
}
@inproceedings{jin2014remeshing,
  title={Remeshing-assisted Optimization for Locally Injective Mappings},
  author={Jin, Yao and Huang, Jin and Tong, Ruofeng},
  booktitle={Computer Graphics Forum},
  volume={33},
  number={5},
  pages={269--279},
  year={2014},
  organization={Wiley Online Library}
}
@article{poranne2014provably,
  title={Provably good planar mappings},
  author={Poranne, Roi and Lipman, Yaron},
  journal={ACM Transactions on Graphics (TOG)},
  volume={33},
  number={4},
  pages={76},
  year={2014},
  publisher={ACM}
}
@article{kovalsky2015large,
  title={Large-scale bounded distortion mappings.},
  author={Kovalsky, Shahar Z and Aigerman, Noam and Basri, Ronen and Lipman, Yaron},
  journal={ACM Trans. Graph.},
  volume={34},
  number={6},
  pages={191--1},
  year={2015},
  publisher={Citeseer}
}
@article{tutte1963draw,
  title={How to draw a graph},
  author={Tutte, William Thomas},
  journal={Proceedings of the London Mathematical Society},
  volume={3},
  number={1},
  pages={743--767},
  year={1963},
  publisher={Wiley Online Library}
}
@article{floater2003one,
  title={One-to-one piecewise linear mappings over triangulations},
  author={Floater, Michael},
  journal={Mathematics of Computation},
  volume={72},
  number={242},
  pages={685--696},
  year={2003}
}
@article{floater2006convex,
  title={Convex combination maps over triangulations, tilings, and tetrahedral meshes},
  author={Floater, Michael S and Pham-Trong, Val{\'e}rie},
  journal={Advances in Computational Mathematics},
  volume={25},
  number={4},
  pages={347--356},
  year={2006},
  publisher={Springer}
}
@techreport{hormann2000mips,
  title={MIPS: An efficient global parametrization method},
  author={Hormann, Kai and Greiner, G{\"u}nther},
  year={2000},
  institution={ERLANGEN-NUERNBERG UNIV (GERMANY) COMPUTER GRAPHICS GROUP}
}
@inproceedings{sander2001texture,
  title={Texture mapping progressive meshes},
  author={Sander, Pedro V and Snyder, John and Gortler, Steven J and Hoppe, Hugues},
  booktitle={Proceedings of the 28th annual conference on Computer graphics and interactive techniques},
  pages={409--416},
  year={2001},
  organization={ACM}
}
@article{degener2003adaptable,
  title={An Adaptable Surface Parameterization Method.},
  author={Degener, Patrick and Meseth, Jan and Klein, Reinhard},
  journal={IMR},
  volume={3},
  pages={201--213},
  year={2003}
}
@inproceedings{eigensatz2009positional,
  title={Positional, Metric, and Curvature Control for Constraint-Based Surface Deformation},
  author={Eigensatz, Michael and Pauly, Mark},
  booktitle={Computer Graphics Forum},
  volume={28},
  number={2},
  pages={551--558},
  year={2009},
  organization={Wiley Online Library}
}
@article{freitag2002tetrahedral,
  title={Tetrahedral mesh improvement via optimization of the element condition number},
  author={Freitag, Lori A and Knupp, Patrick M},
  journal={International Journal for Numerical Methods in Engineering},
  volume={53},
  number={6},
  pages={1377--1391},
  year={2002},
  publisher={Wiley Online Library}
}
@article{jiao2011simple,
  title={Simple and effective variational optimization of surface and volume triangulations},
  author={Jiao, Xiangmin and Wang, Duo and Zha, Hongyuan},
  journal={Engineering with Computers},
  volume={27},
  number={1},
  pages={81--94},
  year={2011},
  publisher={Springer}
}
@article{sheffer2007mesh,
  title={Mesh parameterization methods and their applications},
  author={Sheffer, Alla and Praun, Emil and Rose, Kenneth and others},
  journal={Foundations and Trends{\textregistered} in Computer Graphics and Vision},
  volume={2},
  number={2},
  pages={105--171},
  year={2007},
  publisher={Now Publishers, Inc.}
}
@article{sheffer2005abf++,
  title={ABF++: fast and robust angle based flattening},
  author={Sheffer, Alla and L{\'e}vy, Bruno and Mogilnitsky, Maxim and Bogomyakov, Alexander},
  journal={ACM Transactions on Graphics (TOG)},
  volume={24},
  number={2},
  pages={311--330},
  year={2005},
  publisher={ACM}
}
@article{kharevych2006discrete,
  title={Discrete conformal mappings via circle patterns},
  author={Kharevych, Liliya and Springborn, Boris and Schr{\"o}der, Peter},
  journal={ACM Transactions on Graphics (TOG)},
  volume={25},
  number={2},
  pages={412--438},
  year={2006},
  publisher={ACM}
}
@article{lipman2012bounded,
  title={Bounded distortion mapping spaces for triangular meshes},
  author={Lipman, Yaron},
  journal={ACM Transactions on Graphics (TOG)},
  volume={31},
  number={4},
  pages={108},
  year={2012},
  publisher={ACM}
}

@article{poranne2014provably,
  title={Provably good planar mappings},
  author={Poranne, Roi and Lipman, Yaron},
  journal={ACM Transactions on Graphics (TOG)},
  volume={33},
  number={4},
  pages={76},
  year={2014},
  publisher={ACM}
}

@article{weber2014locally,
  title={Locally injective parametrization with arbitrary fixed boundaries},
  author={Weber, Ofir and Zorin, Denis},
  journal={ACM Transactions on Graphics (TOG)},
  volume={33},
  number={4},
  pages={75},
  year={2014},
  publisher={ACM}
}

@inproceedings{jin2014remeshing,
  title={Remeshing-assisted Optimization for Locally Injective Mappings},
  author={Jin, Yao and Huang, Jin and Tong, Ruofeng},
  booktitle={Computer Graphics Forum},
  volume={33},
  number={5},
  pages={269--279},
  year={2014},
  organization={Wiley Online Library}
}

@article{degener2003adaptable,
  title={An Adaptable Surface Parameterization Method.},
  author={Degener, Patrick and Meseth, Jan and Klein, Reinhard},
  journal={IMR},
  volume={3},
  pages={201--213},
  year={2003}
}
@inproceedings{alexa2000rigid,
  title={As-rigid-as-possible shape interpolation},
  author={Alexa, Marc and Cohen-Or, Daniel and Levin, David},
  booktitle={Proceedings of the 27th annual conference on Computer graphics and interactive techniques},
  pages={157--164},
  year={2000},
  organization={ACM Press/Addison-Wesley Publishing Co.}
}
@inproceedings{igarashi2005rigid,
  title={As-rigid-as-possible shape manipulation},
  author={Igarashi, Takeo and Moscovich, Tomer and Hughes, John F},
  booktitle={ACM transactions on Graphics (TOG)},
  volume={24},
  number={3},
  pages={1134--1141},
  year={2005},
  organization={ACM}
}
@inproceedings{solomon2011killing,
  title={As-Killing-As-Possible Vector Fields for Planar Deformation},
  author={Solomon, Justin and Ben-Chen, Mirela and Butscher, Adrian and Guibas, Leonidas},
  booktitle={Computer Graphics Forum},
  volume={30},
  number={5},
  pages={1543--1552},
  year={2011},
  organization={Wiley Online Library}
}
@inproceedings{liu2008local,
  title={A local/global approach to mesh parameterization},
  author={Liu, Ligang and Zhang, Lei and Xu, Yin and Gotsman, Craig and Gortler, Steven J},
  booktitle={Computer Graphics Forum},
  volume={27},
  number={5},
  pages={1495--1504},
  year={2008},
  organization={Wiley Online Library}
}
@article{levi2014strict,
  title={Strict minimizers for geometric optimization},
  author={Levi, Zohar and Zorin, Denis},
  journal={ACM Transactions on Graphics (TOG)},
  volume={33},
  number={6},
  pages={185},
  year={2014},
  publisher={ACM}
}
@inproceedings{weber2012computing,
  title={Computing extremal quasiconformal maps},
  author={Weber, Ofir and Myles, Ashish and Zorin, Denis},
  booktitle={Computer Graphics Forum},
  volume={31},
  number={5},
  pages={1679--1689},
  year={2012},
  organization={Wiley Online Library}
}
@article{ohtake2004ridge,
  title={Ridge-valley lines on meshes via implicit surface fitting},
  author={Ohtake, Yutaka and Belyaev, Alexander and Seidel, Hans-Peter},
  journal={ACM transactions on graphics (TOG)},
  volume={23},
  number={3},
  pages={609--612},
  year={2004},
  publisher={ACM}
}
@article{zhang2005feature,
  title={Feature-based surface parameterization and texture mapping},
  author={Zhang, Eugene and Mischaikow, Konstantin and Turk, Greg},
  journal={ACM Transactions on Graphics (TOG)},
  volume={24},
  number={1},
  pages={1--27},
  year={2005},
  publisher={ACM}
}
@inproceedings{gelfand2005robust,
  title={Robust global registration},
  author={Gelfand, Natasha and Mitra, Niloy J and Guibas, Leonidas J and Pottmann, Helmut},
  booktitle={Symposium on geometry processing},
  volume={2},
  number={3},
  pages={5},
  year={2005}
}
@article{katz2005mesh,
  title={Mesh segmentation using feature point and core extraction},
  author={Katz, Sagi and Leifman, George and Tal, Ayellet},
  journal={The Visual Computer},
  volume={21},
  number={8-10},
  pages={649--658},
  year={2005},
  publisher={Springer}
}
@inproceedings{li2009robust,
  title={Robust single-view geometry and motion reconstruction},
  author={Li, Hao and Adams, Bart and Guibas, Leonidas J and Pauly, Mark},
  booktitle={ACM Transactions on Graphics (TOG)},
  volume={28},
  number={5},
  pages={175},
  year={2009},
  organization={ACM}
}
@inproceedings{huang2008non,
  title={Non-rigid registration under isometric deformations},
  author={Huang, Qi-Xing and Adams, Bart and Wicke, Martin and Guibas, Leonidas J},
  booktitle={Computer Graphics Forum},
  volume={27},
  number={5},
  pages={1449--1457},
  year={2008},
  organization={Wiley Online Library}
}
